<?xml version="1.0" encoding="UTF-8"?><record xmlns="http://www.loc.gov/MARC21/slim" xmlns:cinclude="http://apache.org/cocoon/include/1.0" xmlns:zs="http://www.loc.gov/zing/srw/">
  <leader>00382nz  a2200133n  4500</leader>
  <controlfield tag="001">n  94121194 </controlfield>
  <controlfield tag="003">DLC</controlfield>
  <controlfield tag="005">19941219132601.6</controlfield>
  <controlfield tag="008">941219n| acannaab|          |n aaa |||  </controlfield>
  <datafield tag="010" ind1=" " ind2=" ">
    <subfield code="a">n  94121194 </subfield>
  </datafield>
  <datafield tag="040" ind1=" " ind2=" ">
    <subfield code="a">DLC</subfield>
    <subfield code="c">DLC</subfield>
  </datafield>
  <datafield tag="100" ind1="1" ind2="0">
    <subfield code="a">Powell, Polly,</subfield>
    <subfield code="d">1962-</subfield>
  </datafield>
  <datafield tag="670" ind1=" " ind2=" ">
    <subfield code="a">Just dessert, c1996:</subfield>
    <subfield code="b">CIP t.p. (Polly Powell)</subfield>
  </datafield>
  <datafield tag="670" ind1=" " ind2=" ">
    <subfield code="a">Phone call from pub., 12-19-94</subfield>
    <subfield code="b">(Polly E. Powell, b. 06-03-62)</subfield>
  </datafield>
</record>